@book{brontec,
    author={BrontÃ«, Charlotte},
    title={Jane Eyre},
    year={1999},
    location={Austin, Texas},
    publisher={Holt, Rinehart, and Winston}
}