@online{oxford,
    title={Oxford Dictionaries},
    month={Jun},
    year={2015},
    url={http://www.oxforddictionaries.com}    
}

@online{NIH,
    author={Graham, B.},
    title={Model Organisms for Biomedical Research},
    month={Jun},
    year={2015},
    url={http://www.nih.gov/science/models}
}

@online{stem,
    author={Kierstead, H. and Nistor, G. and Bernal, G. and Totoiu, M. and Cloutier, F. and Sharp, K. and Steward, O.},
    title={Human Embryonic Stem Cell-Derived Oligodendrocyte Progenitor Cell Transplants Remyelinate and Restore Locomotion after Spinal Cord Injury},
    month={Jun},
    year={2015},
    url={http://www.jneurosci.org/content/25/19/4694}
}

@online{death,
    title={Uniform Determination of Death Act},
    month={Jun},
    year={2015},
    url={http://en.wikipedia.org/wiki/Uniform_Determination_of_Death_Act}
}

@online{beliefs,
    title={Conservative vs. Liberal Beliefs},
    month={Jun},
    year={2015},
    url={http://www.studentnewsdaily.com/conservative-vs-liberal-beliefs/}
}