@book{fourierj,
    title={Th√©orie analytique de la chaleur},
    author={Fourier, Jean-Baptiste Joseph},
    year={1822},
    publisher={Firmin Didot},
    address={Paris, France},
    url={https://ia700402.us.archive.org/11/items/thorieanalytiq00four/thorieanalytiq00four_bw.pdf}
}