@book{book,
    author={Lermontov, Mikhail},
    translator={Nabokov, Vladimir and Nabokov, Dmitri},
    title={A Hero of Our Time},
    publisher={Alfred A. Knopf},
    location={New York},
    date={1992}
}